@INPROCEEDINGS{Chard, 
author={K. Chard and S. Caton and O. Rana and K. Bubendorfer}, 
booktitle={2010 IEEE 3rd International Conference on Cloud Computing}, 
title={Social Cloud: Cloud Computing in Social Networks}, 
year={2010}, 
pages={99-106}, 
keywords={Internet;social networking (online);bartering;cloud computing;dynamic virtual organizations;financial payments;incentive mechanisms;social networks;social storage cloud;Banking;Cloud computing;Clouds;Communities;Facebook;Prototypes;Cloud Computing;Economic Resource Allocation;Social Networking}, 
doi={10.1109/CLOUD.2010.28}, 
ISSN={2159-6182}, 
month={July},}

@misc{Chapter349:online,
author = {J.D. Meier and Srinath Vasireddy and Ashish Babbar and Rico Mariani and Alex Mackman},
title = {Chapter 3 - Design Guidelines for Application Performance},
howpublished = {\url{https://msdn.microsoft.com/en-us/library/ff647801.aspx#scalenetchapt03_topic17}},
month = {},
year = {},
note = {(Accessed on 01/24/2017)}
}

@misc{security15:online,
author = {},
title = {security - Why should I firewall servers? - Server Fault},
howpublished = {\url{http://serverfault.com/questions/201298/why-should-i-firewall-servers}},
month = {},
year = {},
note = {(Accessed on 01/24/2017)}
}

@misc{Messaging:online,
author = {Soumen Chatterjee & Cap Gemini Ernst & Young},
title = {Messaging Patterns in Service-Oriented Architecture, Part 1},
howpublished = {\url{https://msdn.microsoft.com/en-us/library/aa480027.aspx}},
month = {April},
year = { 2004},
note = {(Accessed on 01/24/2017)}
}

@misc{Distri:online,
author = {},
title = {Distributed computing - Wikipedia},
howpublished = {\url{https://en.wikipedia.org/wiki/Distributed_computing}},
month = {},
year = {},
note = {(Accessed on 01/24/2017)}
}

@misc{TheArchi85:online,
author = {Kate Matsudaira},
title = {The Architecture of Open Source Applications (Volume 2): Scalable Web Architecture and Distributed Systems},
howpublished = {\url{http://www.aosabook.org/en/distsys.html}},
month = {},
year = {},
note = {(Accessed on 01/24/2017)}
}

@misc{Twitter:online,
author = {Bill Venners},
title = {Twitter on Scala},
howpublished = {\url{http://www.artima.com/scalazine/articles/twitter_on_scala.html}},
month = {April},
year = {2009},
note = {(Accessed on 01/24/2017)}
}

@misc{Jingle:online,
author = {},
title = {Jingle (protocol) - Wikipedia},
howpublished = {\url{https://en.wikipedia.org/wiki/Jingle_(protocol)}},
month = {},
year = {},
note = {(Accessed on 01/24/2017)}
}

@misc{ChatServ:online,
author = {Michal Ptaszek},
title = {Chat Service Architecture: Protocol | Riot Games Engineering},
howpublished = {\url{https://engineering.riotgames.com/news/chat-service-architecture-protocol}},
month = {Jul},
year = {2015},
note = {(Accessed on 01/24/2017)}
}

@misc{Designin77:online,
author = {Nati Shalom},
title = {Designing a Scalable Twitter with Space-Based Architecture | Gigaspaces},
howpublished = {\url{http://www.gigaspaces.com/content/designing-scalable-twitter-space-based-architecture}},
month = {},
year = {},
note = {(Accessed on 01/24/2017)}
}

@misc{IBMKnowl:online,
author = {},
title = {IBM Knowledge Center - Data aggregation},
howpublished = {\url{http://www.ibm.com/support/knowledgecenter/SSBNJ7_1.4.2/dataView/Concepts/ctnpm_dv_use_data_aggreg.html}},
month = {},
year = {},
note = {(Accessed on 01/24/2017)}
}
@misc{CloudDes:online,
author = {},
title = {Cloud Design Patterns: Prescriptive Architecture Guidance for Cloud Applications},
howpublished = {\url{https://msdn.microsoft.com/en-gb/library/dn568099.aspx}},
month = {},
year = {},
note = {(Accessed on 01/24/2017)}
}

@misc{Load:online,
author = {},
title = {What Is Load Balancing? How Load Balancers Work},
howpublished = {\url{https://www.nginx.com/resources/glossary/load-balancing/}},
month = {},
year = {},
note = {(Accessed on 01/24/2017)}
}

@misc{Sharding:online,
author = {},
title = {Sharding Pattern},
howpublished = {\url{https://msdn.microsoft.com/en-gb/library/dn589797.aspx}},
month = {},
year = {},
note = {(Accessed on 01/24/2017)}
}

@misc{RAIDWiki:online,
author = {},
title = {RAID - Wikipedia},
howpublished = {\url{https://en.wikipedia.org/wiki/RAID}},
month = {},
year = {},
note = {(Accessed on 01/24/2017)}
}
